@inproceedings{SafeTypeScript15,
  author    = {A. Rastogi and
               N. Swamy and
               C. Fournet and
               G. M. Bierman and
               P. Vekris},
  title     = {Safe {\&} Efficient Gradual Typing for TypeScript},
  booktitle = {Proceedings of the 42nd Annual {ACM} {SIGPLAN-SIGACT} Symposium on
               Principles of Programming Languages},
  pages     = {167--180},
  year      = {2015},
  url       = {http://doi.acm.org/10.1145/2676726.2676971}
}